@ARTICLE{Rueda:2017hd,
   author = {{Rueda-Becerril}, J.~M. and {Mimica}, P. and {Aloy}, M.~A.},
    title = "{On the influence of a hybrid thermal--non-thermal distribution in the internal shocks model for blazars}",
  journal = {\mnras},
archivePrefix = "arXiv",
   eprint = {1612.06383},
 primaryClass = "astro-ph.HE",
 keywords = {MHD, radiation mechanisms: non-thermal, radiation mechanisms: thermal, radiative transfer, shock waves, BL Lacertae objects: general},
     year = 2017,
    month = jun,
   volume = 468,
    pages = {1169-1182},
      doi = {10.1093/mnras/stx476},
   adsurl = {http://adsabs.harvard.edu/abs/2017MNRAS.468.1169R},
  adsnote = {Provided by the SAO/NASA Astrophysics Data System}
}

@ARTICLE{Rueda:2014mn,
   author = {{Rueda-Becerril}, J.~M. and {Mimica}, P. and {Aloy}, M.~A.},
    title = "{The influence of the magnetic field on the spectral properties of blazars}",
  journal = {\mnras},
archivePrefix = "arXiv",
   eprint = {1310.5441},
 primaryClass = "astro-ph.HE",
 keywords = {MHD, radiation mechanisms: non-thermal, radiative transfer, shock waves, BL Lacertae objects: general},
     year = 2014,
    month = feb,
   volume = 438,
    pages = {1856-1869},
      doi = {10.1093/mnras/stt2335},
   adsurl = {http://adsabs.harvard.edu/abs/2014MNRAS.438.1856R},
  adsnote = {Provided by the SAO/NASA Astrophysics Data System}
}

@INPROCEEDINGS{Rueda:2014sw,
   author = {{Rueda-Becerril}, J.~M. and {Mimica}, P. and {Aloy}, M.~A.},
    title = "{Numerical simulations of the internal shock model in magnetized relativistic jets of blazars}",
booktitle = {Proceedings of Swift: 10 Years of Discovery (SWIFT 10)},
     year = 2014,
    month = dec,
      eid = {159},
    pages = {159},
  address = {Rome, Italy},
   adsurl = {http://adsabs.harvard.edu/abs/2014styd.confE.159R},
  adsnote = {Provided by the SAO/NASA Astrophysics Data System}
}

@INPROCEEDINGS{Rueda:2013ep,
   author = {{Rueda-Becerril}, J.~M. and {Mimica}, P. and {Aloy}, M.~A. and
	{Aloy}, C.},
    title = "{Numerical study of broadband spectra caused by internal shocks in magnetized relativistic jets of blazars}",
booktitle = {The Innermost Regions of Relativistic Jets and Their Magnetic Fields},
     year = 2013,
   series = {European Physical Journal Web of Conferences},
   volume = 61,
archivePrefix = "arXiv",
   eprint = {1309.4612},
 primaryClass = "astro-ph.HE",
    month = jun,
      eid = {02007},
    pages = {02007},
      doi = {10.1051/epjconf/20136102007},
   adsurl = {http://adsabs.harvard.edu/abs/2013EPJWC..6102007R},
  adsnote = {Provided by the SAO/NASA Astrophysics Data System}
}

@INPROCEEDINGS{Mimica:2013iu,
   author = {{Mimica}, P. and {Aloy}, M.~A. and {Rueda-Becerril}, J.~M. and
	{Tabik}, S. and {Aloy}, C.},
    title = "{Numerical simulations of dynamics and emission from relativistic astrophysical jets}",
booktitle = "{24th IUPAP Conference on Computational Physics}",
     year = 2013,
   series = {Journal of Physics: Conference Series},
   volume = 454,
archivePrefix = "arXiv",
   eprint = {1211.1794},
 primaryClass = "astro-ph.HE",
    month = aug,
      eid = {012001},
    pages = {012001},
      doi = {10.1088/1742-6596/454/1/012001},
   adsurl = {http://adsabs.harvard.edu/abs/2013JPhCS.454a2001M},
  adsnote = {Provided by the SAO/NASA Astrophysics Data System}
}

@ARTICLE{Guzman:2009bk,
   author = {{Guzm{\'a}n}, F.~S. and {Rueda-Becerril}, J.~M.},
    title = "{Spherical boson stars as black hole mimickers}",
  journal = {\prd},
archivePrefix = "arXiv",
   eprint = {1009.1250},
primaryClass = "astro-ph.HE",
 keywords = {Physics of black holes, Self-gravitating systems, continuous media and classical fields in curved spacetime, Boson systems},
     year = 2009,
    month = oct,
   volume = 80,
   number = 8,
      eid = {084023},
    pages = {084023},
      doi = {10.1103/PhysRevD.80.084023},
   adsurl = {http://adsabs.harvard.edu/abs/2009PhRvD..80h4023G},
  adsnote = {Provided by the SAO/NASA Astrophysics Data System}
}

@phdthesis{Rueda:2017phd,
 address = {Valencia, Spain},
  author = {Rueda-Becerril, J.~M.},
   month = jul,
   year = 2017,
  school = {{Universitat de Val{\`e}ncia}},
   title = {{Numerical treatment of radiation processes in the internal shocks of magnetized relativistic outflows}},
     url = {http://roderic.uv.es/handle/10550/60003}
}

@unpublished{Rueda:2009bsc,
  author = {{Rueda-Becerril}, J.~M.},
    note = {BSc Thesis},
  school = {Facultad de Ciencias, Universidad Aut{\'o}noma del Estado de M{\'e}xico},
   month = may,
   year = 2009,
   title = {{Soluci{\'o}n num{\'e}rica de geod{\'e}sicas nulas para la generaci{\'o}n de lentes gravitacionales producidas por espaciotiempos esf{\'e}ricamente sim{\'e}tricos est{\'a}ticos}}
}

@mastersthesis{Rueda:2011msc,
   title = {{Study of TOV stars with the SPH method}},
  author = {{Rueda-Becerril}, J.~M.},
    year = 2011,
  school = {Instituto de F\'{\i}sica y Matem\'{a}ticas, Universidad Michoacana de San Nicol\'{a}s de Hidalgo},
 address = {Morelia, Michoac\'{a}n, Mexico}
}

@ARTICLE{Zhang:2019ch,
       author = {{Zhang}, Hao and {Christie}, Ian and {Petropoulou}, Maria and
         {Rueda-Becerril}, Jesus M. and {Giannios}, Dimitrios},
        title = "{Inverse Compton Signatures of Gamma-Ray Burst Afterglows}",
      journal = {arXiv e-prints},
     keywords = {Astrophysics - High Energy Astrophysical Phenomena},
         year = "2019",
        month = "Oct",
          eid = {arXiv:1910.14049},
        pages = {arXiv:1910.14049},
archivePrefix = {arXiv},
       eprint = {1910.14049},
 primaryClass = {astro-ph.HE},
       adsurl = {https://ui.adsabs.harvard.edu/abs/2019arXiv191014049Z},
      adsnote = {Provided by the SAO/NASA Astrophysics Data System}
}
